% Encoding: UTF-8

@InProceedings{Albaugh2013a,
author = {Albaugh, Quinn and Sevenans, Julie and Soroka, Stuart and Loewen, Peter John},
booktitle = {6th Annual Comparative Agendas Conference, Antwerp, Belgium},
date = {2013},
title = {{The Automated Coding of Policy Agendas: A Dictionary-based Approach}},
}

@Article{Bakker2012a,
author = {Bakker, Ryan and de Vries, Catherine and Edwards, Erica and Hooghe, Liesbet and Jolly, Seth and Marks, Gary and Polk, Jonathan and Rovny, Jan and Steenbergen, Marco R. and Vachudova, Milada Anna},
date = {2012},
journaltitle = {Party Politics},
title = {Measuring Party Positions in Europe: The Chapel Hill Expert Survey Trend File, 1999-2010},
doi = {10.1177/1354068812462931},
number = {1},
pages = {1--15},
volume = {21},
}

@Article{Benoit2009a,
author = {Benoit, Kenneth and Laver, Michael and Mikhaylov, Slava},
date = {2009},
journaltitle = {American Journal of Political Science},
title = {Treating Words As Data with Error: Uncertainty in Text Statements of Policy Positions},
doi = {10.1111/j.1540-5907.2009.00383.x},
number = {2},
pages = {495--513},
volume = {53},
}

@Article{Benoit2018a,
author = {Benoit, Kenneth and Watanabe, Kohei and Wang, Haiyan and Nulty, Paul and Obeng, Adam and Müller, Stefan and Matsuo, Akitaka},
date = {2018},
journaltitle = {Journal of Open Source Software},
title = {Quanteda: An R Package for the Quantitative Analysis of Textual Data},
doi = {10.21105/joss.00774},
number = {30},
pages = {774},
volume = {3},
}

@Article{Blei2003a,
  author       = {Blei, David M. and Ng, Andrew Y. and Jordan, Michael I.},
  date         = {2003},
  journaltitle = {Journal of Machine Learning Research},
  title        = {Latent Dirichlet Allocation},
  doi          = {10.7551/mitpress/1120.003.0082},
  pages        = {993--1022},
  volume       = {3},
}

@Article{Blei2012a,
  author       = {Blei, David M.},
  date         = {2012-04},
  journaltitle = {Communications of the ACM},
  title        = {Probabilistic Topic Models},
  doi          = {10.1145/2133806.2133826},
  issue        = {4},
  number       = {4},
  pages        = {77--84},
  volume       = {55},
}

@Article{Bruinsma2019a,
author = {Bruinsma, Bastiaan and Gemenis, Kostas},
title = {{Validating Wordscores: The Promises and Pitfalls of Computational Text Scaling}},
journaltitle = {Communication Methods and Measures},
volume = {13},
number = {3},
pages = {212--227},
date = {2019},
doi = {10.1080/19312458.2019.1594741},
}

@Article{Bruns2019a,
  author       = {Bruns, Axel},
  date         = {2019},
  journaltitle = {Information, Communication \& Society},
  title        = {After the ‘{API}calypse’: social media platforms and their fight against critical scholarly research},
  doi          = {10.1080/1369118X.2019.1637447},
  number       = {11},
  pages        = {1544--1566},
  volume       = {22},
  publisher    = {Taylor \& Francis},
}

@Book{Carmines1979a,
  author    = {Carmines, Edward G. and Zeller, Richard A.},
  date      = {1979},
  title     = {Reliability and Validity Assessment},
  doi       = {10.4135/9781412985642},
  location  = {Beverly Hills, CA},
  publisher = {Sage},
  series    = {Sage University Paper Series on Quantitative Applications in the Social Sciences, 07-017},
}

@Article{Clarke2019a,
author = {Clarke, Isobelle and Grieve, Jack},
date = {2019},
journaltitle = {PLOS ONE},
title = {Stylistic Variation on the Donald Trump Twitter Account: A Linguistic Analysis of Tweets Posted between 2009 and 2018},
doi = {10.1371/journal.pone.0222062},
number = {9},
pages = {1--27},
volume = {14},
}

@Article{Cohen1960a,
  author       = {Cohen, Jacob},
  date         = {1960},
  journaltitle = {Educational and Psychological Measurement},
  title        = {A Coefficient of Agreement for Nominal Scales},
  doi          = {10.1177/001316446002000104},
  number       = {1},
  pages        = {37--46},
  volume       = {20},
  publisher    = {Sage Publications Sage CA: Los Angeles, CA},
}

@Article{Deerwester1990a,
  author       = {Deerwester, Scott C. and Dumais, Susan T. and Landauer, Thomas K. and Furnas, George W. and Harshman, Richard A.},
  date         = {1990},
  journaltitle = {Journal of the American Society for Information Science},
  title        = {Indexing by Latent Semantic Analysis},
  doi          = {10.1002/(sici)1097-4571(199009)41:6<391::aid-asi1>3.0.co;2-9},
  number       = {6},
  pages        = {391--407},
  volume       = {41},
}

@Article{Denny2018a,
  author       = {Denny, Matthew J. and Spirling, Arthur},
  date         = {2018},
  journaltitle = {Political Analysis},
  title        = {Text Preprocessing For Unsupervised Learning: Why It Matters, When It Misleads, And What To Do About It},
  doi          = {10.1017/pan.2017.44},
  number       = {2},
  pages        = {168--189},
  volume       = {26},
}

@Article{Feinerer2008a,
  author       = {Feinerer, Ingo and Hornik, Kurt and Meyer, David},
  date         = {2008},
  journaltitle = {Journal of Statistical Software},
  title        = {{Text Mining Package TM}},
  doi          = {10.18637/jss.v025.i05},
  number       = {5},
  pages        = {1--54},
  volume       = {25},
}

@Article{Fleiss1971a,
  author       = {Fleiss, Joseph L.},
  date         = {1971},
  journaltitle = {Psychological bulletin},
  title        = {Measuring nominal scale agreement among many raters.},
  doi          = {10.1037/h0031619},
  number       = {5},
  pages        = {378},
  volume       = {76},
  publisher    = {American Psychological Association},
}

@Article{Franzosi1989a,
  author       = {Franzosi, Roberto},
  date         = {1989},
  journaltitle = {Annual Review of Sociology},
  title        = {Quantitative Narrative Analysis},
  doi          = {10.4135/9781506335117.n5},
  pages        = {517--554},
  volume       = {15},
}

@Article{Freelon2018a,
  author       = {Freelon, Deen},
  date         = {2018},
  journaltitle = {Political Communication},
  title        = {Computational {R}esearch in the {P}ost-{API} {A}ge},
  doi          = {10.1080/10584609.2018.1477506},
  number       = {4},
  pages        = {665--668},
  volume       = {35},
  publisher    = {Taylor \& Francis},
}

@Article{Griffiths2004a,
author = {Griffiths, Thomas L. and Steyvers, Mark},
date = {2004},
journaltitle = {Proceedings of the National academy of Sciences},
title = {Finding Scientific Topics},
doi = {10.1073/pnas.0307752101},
number = {suppl 1},
pages = {5228--5235},
volume = {101},
}

@Article{Grimmer2013a,
  author       = {Grimmer, Justin and Stewart, Brandon M.},
  date         = {2013},
  journaltitle = {Political Analysis},
  title        = {Text As Data: The Promise and Pitfals of Automatic Content Analysis Methods for Political Texts},
  doi          = {10.1093/pan/mps028},
  number       = {3},
  pages        = {267--297},
  volume       = {21},
}

@Book{Grimmer2022a,
  author    = {Grimmer, Justin and Roberts, Margaret E. and Stewart, Brandon M.},
  date      = {2022},
  title     = {{Text as Data: A New Framework for Machine Learning and the Social Sciences}},
  location  = {Princeton, NJ},
  publisher = {Princeton University Press},
}


@Article{Haselmayer2017a,
author = {Haselmayer, Martin and Jenny, Marcelo},
date = {2017},
journaltitle = {Quality \& Quantity},
title = {Sentiment Analysis of Political Communication: Combining a Dictionary Approach with Crowdcoding},
doi = {10.1007/s11135-016-0412-4},
number = {6},
pages = {2623--2646},
volume = {51},
}

@Article{Hayes2007a,
  author       = {Hayes, Andrew F. and Krippendorff, Klaus},
  date         = {2007},
  journaltitle = {Communication Methods and Measures},
  title        = {Answering the Call for a Standard Reliability Measure for Coding Data},
  doi          = {10.1080/19312450709336664},
  number       = {1},
  pages        = {77--89},
  volume       = {1},
  publisher    = {Taylor \& Francis},
}

@Article{Hutto2014a,
  author       = {Hutto, C. and Gilbert, Eric},
  date         = {2014},
  journaltitle = {Proceedings of the International AAAI Conference on Web and Social Media},
  title        = {VADER: A Parsimonious Rule-Based Model for Sentiment Analysis of Social Media Text},
  doi          = {10.1609/icwsm.v8i1.14550},
  number       = {1},
  pages        = {216--225},
  volume       = {8},
}

@Article{Kim2024a,
  author       = {Kim, Jihye and Lee, Sookyong and Park, Sung-Ah},
  date         = {2024},
  journaltitle = {Journal of Advertising},
  title        = {Computational Content Analysis in Advertising Research},
}


@Book{Krippendorff2019a,
  author    = {Krippendorff, Klaus},
  date      = {2019},
  title     = {{Content Analysis - An Introduction to Its Methodology}},
  doi       = {10.4135/9781071878781},
  edition   = {4},
  location  = {Thousand Oaks, CA},
  publisher = {Sage},
}

@Book{Krippendorff2019b,
  author    = {Krippendorff, Klaus},
  date      = {2019},
  title     = {Content Analysis: An Introduction to Its Methodology},
  doi       = {10.4135/9781071878781},
  edition   = {4th},
  publisher = {Sage Publications},
}

@Article{Lamprianou2020a,
author = {Lamprianou, Iasonas},
date = {2020},
journaltitle = {Sociological Methods \& Research},
title = {Measuring and Visualizing Coders' Reliability: New Approaches and Guidelines from Experimental Data},
doi = {10.1177/0049124120926198},
}

@Article{Lamprianou2020b,
  author       = {Lamprianou, Iasonas},
  date         = {2020},
  journaltitle = {Understanding Statistics},
  title        = {Visualising inter-rater reliability},
  number       = {1},
  pages        = {1--25},
  volume       = {15},
  publisher    = {Routledge},
}

@Book{Lasswell1927a,
  author    = {Lasswell, Harold D.},
  date      = {1927},
  title     = {Propaganda Technique in the World War},
  location  = {London},
  publisher = {Kegan Paul, Trench, Trubner & Co.},
}

@Article{Lasswell1948a,
  author       = {Lasswell, Harold D.},
  date         = {1948},
  journaltitle = {The Communication of Ideas},
  title        = {The Structure and Function of Communication in Society},
  editor       = {Bryson, Lyman},
  pages        = {37--51},
  publisher    = {Harper and Brothers},
}

@Article{Laver2000a,
author = {Laver, Michael and Garry, John},
date = {2000},
journaltitle = {American Journal of Political Science},
title = {Estimating Policy Positions from Political Texts},
doi = {10.2307/2669268},
number = {3},
pages = {619--634},
volume = {44},
}

@Article{Laver2003a,
author = {Laver, Michael and Benoit, Kenneth and Garry, John},
date = {2003},
journaltitle = {The American Political Science Review},
title = {Extracting Policy Positions from Political Texts Using Words As Data},
doi = {10.1017/S0003055403000698},
number = {2},
pages = {311--331},
volume = {97},
}

@Article{Le2008a,
author = {Lê, Sébastien and Josse, Julie and Husson, François},
date = {2008},
journaltitle = {Journal of Statistical Software},
title = {Factominer: An R Package for Multivariate Analysis},
doi = {10.18637/jss.v025.i01},
number = {1},
volume = {25},
}

@Article{Lin1989a,
author = {Lin, L.},
date = {1989},
journaltitle = {Biometrics},
title = {A Concordance Correlation Coefficient to Evaluate Reproducibility},
doi = {10.2307/2532051},
pages = {255--268},
volume = {45},
}

@Article{Lind2019a,
author = {Lind, Fabienne and Eberl, Jakob-Moritz and Heidenreich, Tobias and Boomgaarden, Hajo G.},
date = {2019},
journaltitle = {International Journal of Communication},
title = {When the Journey Is As Important As the Goal: A Roadmap to Multilingual Dictionary Construction},
pages = {4000--4020},
volume = {13},
}

@Article{Liu2012a,
  author       = {Liu, Bing},
  date         = {2012},
  journaltitle = {Synthesis Lectures on Human Language Technologies},
  title        = {Sentiment analysis and opinion mining},
  doi          = {10.1007/978-1-4899-7502-7_907-1},
  number       = {1},
  pages        = {1--167},
  volume       = {5},
}

@Misc{Lowe2007a,
  author = {Lowe, Will},
  date   = {2007},
  title  = {{Yoshikoder}: {C}ross-platform multilingual content analysis program},
  url    = {\url{https://conjugateprior.org/software/yoshikoder/}},
}

@InProceedings{Lowe2011a,
author = {Lowe, Will and Benoit, Kenneth},
booktitle = {Annual Meeting of the Midwest Political Science Association},
date = {2011},
title = {Estimating Uncertainty in Quantitative Text Analysis},
}

@Misc{Lowe2011b,
  author = {Lowe, Will},
  date   = {2011},
  title  = {{JFreq} {W}ord {F}requency {C}ounter},
  url    = {\url{https://conjugateprior.org/software/jfreq/}},
}

@Article{Lowe2011c,
  author       = {Lowe, Will and Benoit, Kenneth R.},
  date         = {2011},
  journaltitle = {Political Analysis},
  title        = {Validity via Uncertainty: Measuring Uncertainty in Manifesto Texts and Its Implications},
  number       = {4},
  pages        = {481--492},
  volume       = {19},
  publisher    = {Cambridge University Press (CUP)},
}

@Online{ManifestoProjectn.d.a,
  author  = {{Manifesto Project}},
  title   = {Manifesto Project Dataset},
  url     = {[https://manifesto-project.wzb.eu/](https://manifesto-project.wzb.eu/)},
  urldate = {2025-05-07},
  year    = {n.d.},
}

@Article{Martin2008a,
author = {Martin, Lanny W. and Vanberg, Georg},
date = {2008},
journaltitle = {Political Analysis},
title = {Reply to Benoit and Laver},
doi = {10.1093/pan/mpm018},
number = {1},
pages = {112--114},
volume = {16},
}

@Article{Merz2016a,
  author       = {Merz, Nicolas and Regel, Sven and Lewandowski, Jirka},
  date         = {2016},
  journaltitle = {Research \& Politics},
  title        = {The {M}anifesto {C}orpus: {A} {N}ew {R}esource for {R}esearch on {P}olitical {P}arties and {Q}uantitative {T}ext {A}nalysis},
  doi          = {10.1177/2053168016643346},
  number       = {2},
  pages        = {2053168016643346},
  volume       = {3},
  publisher    = {SAGE Publications Sage UK: London, England},
}

@Article{Mettler2025a,
  author       = {Mettler, Tobias},
  date         = {2025},
  journaltitle = {Communications of the Association for Information Systems},
  title        = {Computational {T}ext {A}nalysis for {Q}ualitative {IS} {R}esearch: {A} {M}ethodological {R}eflection},
  doi          = {10.17705/1CAIS.05614},
  pages        = {363--386},
  url          = {https://aisel.aisnet.org/cais/vol56/iss1/14/},
  volume       = {56},
}


@Article{Mikhaylov2012a,
author = {Mikhaylov, Slava and Laver, Michael and Benoit, Kenneth},
date = {2012},
journaltitle = {Political Analysis},
title = {Coder Reliability and Misclassification in the Human Coding of Party Manifestos},
doi = {10.1093/pan/mpr047},
number = {1},
pages = {78--91},
volume = {20},
}

@Book{Mosteller1964a,
  author    = {Mosteller, Frederick and Wallace, David L.},
  date      = {1964},
  title     = {Inference and Disputed Authorship: The Federalist},
  doi       = {10.2307/202633},
  publisher = {Addison-Wesley},
}

@Book{Munzert2014a,
  author    = {Munzert, Simon and Rubba, Christian and Mei{\ss}ner, Peter and Nyhuis, Dominic},
  date      = {2014},
  title     = {Automated {D}ata {C}ollection with {R}: {A} {P}ractical {G}uide to {W}eb {S}craping and {T}ext {M}ining},
  doi       = {10.1002/9781118834732},
  publisher = {John Wiley \& Sons},
}

@Book{Neuendorf2017a,
  author    = {Neuendorf, Kimberly A.},
  date      = {2016},
  title     = {{The Content Analysis Guidebook}},
  doi       = {10.4135/9781071802878},
  edition   = {2},
  publisher = {Sage},
  year      = {2017},
}

@Article{NorriSederholm2025a,
  author       = {Norri-Sederholm, Tessa and Sacr{\'{e}}, Peter and Kuntsche, Eva and Kuntsche, Sandra},
  date         = {2025},
  journaltitle = {Psychological Methods},
  title        = {The use of large language models for qualitative research: {T}he {D}eep {C}omputational {T}ext {A}nalyser ({DECOTA})},
  doi          = {10.1037/met0000753},
  publisher    = {American Psychological Association (APA)},
}

@Article{Ooms2014a,
  author       = {Ooms, Jeroen},
  date         = {2014},
  journaltitle = {arXiv preprint arXiv:1403.2805},
  title        = {The {jsonlite} {P}ackage: {A} {P}ractical and {C}onsistent {M}apping {B}etween {JSON} {D}ata and {R} {O}bjects},
  doi          = {10.48550/arxiv.1403.2805},
  eprint       = {1403.2805},
  eprinttype   = {arxiv},
}

@InCollection{Pennebaker1993a,
  author    = {Pennebaker, James W. and Francis, Martha E.},
  booktitle = {Unpublished manuscript, Southern Methodist University},
  date      = {1993},
  title     = {Linguistic Inquiry and Word Count: LIWC},
  doi       = {10.4018/978-1-60960-741-8.ch012},
  url       = {www.LIWC.net},
}


@Article{Perriam2020a,
author = {Perriam, Jessamy and Birkbak, Andreas and Freeman, Andy},
date = {2020},
journaltitle = {International Journal of Social Research Methodology},
title = {{Digital Methods in a Post-API Environment}},
doi = {10.1080/13645579.2019.1682840},
number = {3},
pages = {277--290},
volume = {23},
}

@Article{Perriam2020b,
  author       = {Perriam, Jonathan and Birkbak, Andreas and Freeman, Alex},
  date         = {2020},
  journaltitle = {Big Data \& Society},
  title        = {Making {API}s {P}ublic: {T}he {T}echnical, {L}egal, and {N}ormative {W}ork of {O}pening {U}p {D}ata {I}nfrastructure},
  number       = {1},
  pages        = {2053951720917641},
  volume       = {7},
  publisher    = {SAGE Publications Sage UK: London, England},
}

@Misc{Perry2017a,
      title={Scaling Text with the Class Affinity Model},
      author={Patrick O. Perry and Kenneth Benoit},
      date={2017},
      eprint={1710.08963},
      archivePrefix={arXiv},
      primaryClass={stat.ML},
      url={https://arxiv.org/abs/1710.08963},
}

@Article{Roberts2014a,
author = {Roberts, Margaret E. and Stewart, Brandon M. and Tingley, Dustin and Lucas, Christopher and Leder-Luis, Jetson and Gadarian, Shana Kushner and Albertson, Bethany and Rand, David G.},
date = {2014},
journaltitle = {American Journal of Political Science},
title = {Structural Topic Models for Open-ended Survey Responses},
doi = {10.1111/ajps.12103},
number = {4},
pages = {1064--1082},
volume = {58},
}

@Article{Roberts2019a,
author = {Roberts, Margaret E. and Stewart, Brandon M. and Tingley, Dustin},
date = {2019},
journaltitle = {Journal of Statistical Software},
title = {{stm: An R Package for Structural Topic Models}},
doi = {10.18637/jss.v091.i02},
number = {2},
volume = {91},
}

@Article{Schrodt1985a,
  author       = {Schrodt, Philip A.},
  date         = {1985},
  journaltitle = {Paper presented at the annual meeting of the International Studies Association, Washington, DC},
  title        = {Precise Events vs. Vague Concepts: Comparability in Computer-Based Foreign Policy Analysis},
}

@Article{Scott1955a,
  author       = {Scott, William A.},
  date         = {1955},
  journaltitle = {Public Opinion Quarterly},
  title        = {Reliability of Content Analysis: The Case of Nominal Scale Coding},
  doi          = {10.1086/266577},
  number       = {3},
  pages        = {321--325},
  volume       = {19},
}

@Online{SICSS2020a,
  author  = {{Summer Institute in Computational Social Science (SICSS)}},
  date    = {2020},
  title   = {An Introduction to Text As Data},
  url     = {[https://sicss.io/2020/materials/day3-text-analysis/intro-text-analysis/rmarkdown/Introduction_to_Text_Analysis.html](https://sicss.io/2020/materials/day3-text-analysis/intro-text-analysis/rmarkdown/Introduction_to_Text_Analysis.html)},
  urldate = {2025-05-07},
}

@Article{Slapin2008a,
  author       = {Slapin, Jonathan B. and Proksch, Sven-Oliver},
  date         = {2008},
  journaltitle = {American Journal of Political Science},
  title        = {A Scaling Model for Estimating Time-series Party Positions from Texts},
  doi          = {10.1111/j.1540-5907.2008.00338.x},
  number       = {3},
  pages        = {705--722},
  volume       = {52},
  publisher    = {Wiley Online Library},
}

@Book{Stone1966a,
  author    = {Stone, Philip J. and Dunphy, Dexter C. and Smith, Marshall S. and Ogilvie, Daniel M.},
  date      = {1966},
  title     = {The General Inquirer: A Computer Approach to Content Analysis},
  doi       = {10.2307/1161774},
  location  = {Cambridge, MA},
  publisher = {MIT Press},
}

@InBook{Vargo2024a,
  author    = {Vargo, Chris J.},
  booktitle = {The Computational Content Analyst},
  date      = {2024},
  title     = {Designing a Computational Content Analysis: An Illustration from "Civic Engagement, Social Capital, and Ideological Extremity"},
  publisher = {Routledge},
}

@Electronic{Volkens2019a,
  author       = {Volkens, Andrea and Krause, Werner and Lehmann, Pola and Matthieß, Theres and Merz, Nicolas and Regel, Sven and Weßels, Bernhard},
  date         = {2019},
  title        = {{The Manifesto Data Collection. Manifesto Project (MRG/CMP/MARPOR)}},
  doi          = {10.25522/manifesto.mpds.2019b},
  howpublished = {Berlin: Wissenschaftszentrum Berlin f{\"{u}}r Sozialforschung (WZB)},
}

@Article{Volkens2020a,
  author       = {Volkens, Andrea and Lehmann, Pola and Matthieß, Theres and Merz, Nicolas and Regel, Sven and Werner, Felix},
  date         = {2020},
  journaltitle = {Political Data Yearbook Matters},
  title        = {The Manifesto Project (MP) Database},
  doi          = {10.1111/ejpr.12181},
  issue        = {1},
  pages        = {187--200},
  volume       = {9},
}

@Article{Welbers2017a,
author = {Welbers, Kasper and Van Atteveldt, Wouter and Benoit, Kenneth},
date = {2017},
journaltitle = {Communication Methods and Measures},
title = {{Text Analysis in R}},
doi = {10.1080/19312458.2017.1387238},
number = {4},
pages = {245--265},
volume = {11},
}

@Book{Munzert2014a,
  author    = {Munzert, Simon and Rubba, Christian and Mei{\ss}ner, Peter and Nyhuis, Dominic},
  date      = {2014},
  title     = {Automated {D}ata {C}ollection with {R}: {A} {P}ractical {G}uide to {W}eb {S}craping and {T}ext {M}ining},
  doi       = {10.1002/9781118834732},
  publisher = {John Wiley \& Sons},
}


@Book{Wickham2023a,
  author = {Wickham, Hadley and Çetinkaya-Rundel, Mine and Grolemund, Garrett},
  date   = {2023},
  title  = {{R for Data Science}},
  edition= {2},
  url    = {https://r4ds.hadley.nz/},
}

@Article{Young2012a,
  author = {Young, Lori and Soroka, Stuart},
  date   = {2012},
  title  = {Lexicoder Sentiment Dictionary},
  url    = {http://www.snsoroka.com/data-lexicoder/},
}

@Comment{jabref-meta: databaseType:biblatex;}

@Comment{jabref-meta: saveOrderConfig:specified;citationkey;false;author;false;year;false;title;false;}
